@booklet{labmanual,
   author = {},
   title = {PHYS 230 Lab Manual},
   year = {2018},
}
