@booklet{raytheon,
   author = {Morris, David Z.},
   title = {Raytheonâ€™s New Material Could Oust Silicon in the Next Generation of Chips},
   year = {2016},
   url={http://fortune.com/2016/06/11/raytheon-next-gen-chips/}
}
