@article{jamessmith,
  title={`How safe do you feel?': James Bond, Skyfall, and the politics of the secret agent in an age of ubiquitous threat},
  author={Smith, James},
  journal={College Literature},
  volume={43},
  number={1},
  pages={145--172},
  year={2016},
  publisher={The Johns Hopkins University Press}
}
