 @misc{kleiman_2015, title={5 Reasons You Should Always Be Looking for a New Job}, url={https://www.forbes.com/sites/work-in-progress/2015/09/28/5-reasons-you-should-always-be-looking-for-a-new-job/#26b3edbb2318}, journal={Forbes}, publisher={Forbes Magazine}, author={Kleiman, Jessica}, year={2015}, month={Sep}}
