@booklet{1234,
   author = {abc},
   title = {def},
   year = {5678},
}
