@misc{  forbesprojected, 
        title={Roundup Of Machine Learning Forecasts And Market Estimates, 2018}, 
        url={https://www.forbes.com/sites/louiscolumbus/2018/02/18/roundup-of-machine-learning-forecasts-and-market-estimates-2018/#1e6b4c682225}, 
        journal={Forbes}, 
        publisher={Forbes Magazine}, 
        author={Columbus, Louis}, 
        year=2018, 
        month=2
}

@misc{ Nobody06,
       author = "Nobody Jr",
       title = "My Article",
       year = "2006" }
