@misc{atbwebsite,
    author={{ATB Financial}},
    title={{ATB Website}},
    url={atb.com},
}
