@booklet{labmanual,
   author = {I. Isaac},
   title = {PHYS 230 Lab Manual},
   year = {2018},
}
