@article{eberhard200621,
  title={The 21 st Century Electric Car Tesla Motors},
  author={Eberhard, Martin and Tarpenning, Marc},
  journal={Tesla Motors},
  year={2006}
}

