@misc{  placeholderreference, 
        title={delet this}, 
        author={Me}, 
}