@misc{atbwebsite,
 author={{ATB Financial}},
 title={{ATB Website}},
 url={atb.com},
}

@misc{annualreport2017,
 author={{ATB Financial}},
 title={{ATB Financial 2017 Annual Report}},
 url={www.atb.com/about/ar/Pages/2017.aspx},
}

@misc{annualreport2018,
 author={{ATB Financial}},
 title={{ATB Financial 2018 Annual Report}},
 url={atb.com/SiteCollectionDocuments/About/news-release-2018-results.pdf},
}

@misc{react,
 author={{Facebook}},
 title={{React JS}},
 url={reactjs.org},
}

@misc{redux,
 title={{Redux JS}},
 url={redux.js.org},
}

@misc{git,
 title={{git}},
 url={git-scm.com/},
}

@misc{atbstory,
 author={{ATB Financial}},
 title={{ATB Story}},
 url={www.atb.com/about/Pages/our-story.aspx},
}

@misc{saskbranches,
 author={Micki Cowan},
 title={{Banks closing 20 rural Sask. branches in 2017}},
 url={www.cbc.ca/news/canada/saskatchewan/20-rural-saskatchewan-bank-closures-2017-1.4193164},
 year={2017},
 publisher={Canadian Broadcasting Corporation}
}

@misc{agile,
 author={{ATB Financial}},
 title={{Going agile with agility: The road to organizational agility}},
 url={atbalphabeta.com/progress/going-agile-with-agility-the-road-to-organizational-agility},
}

@misc{11atb,
 author={Lorne Rubis},
 title={{And Then There Were 11!}},
 url={www.lornerubis.com/2018/06/and-then-there-were-11/},
}

